@BOOK{Hart_1977,
  TITLE = {Algebraic Geometry},
  AUTHOR = {{Hartshorne}, R.},
  YEAR = {1977},
publisher = {Springer, Berlin -- Heidelberg -- New York},
}

@BOOK{Krazer_1890,
    TITLE = {Lehrbuch der Thetafunktionen},
    AUTHOR = {{Krazer}, A.},
    YEAR = {1970},
    PUBLISHER = {Chelsea, New York},
}

@BOOK{Mumford_1983,
    TITLE = {Tata Lectures on Theta I},
    AUTHOR = {{Mumford}, D.},
    YEAR = {1983},
    PUBLISHER = {Birkh{\"a}user, Boston},
}

@BOOK{KF_1892,
    TITLE = {Vorlesungen {\"u}ber die Theorie der elliptischen Modulfunktionen},
    VOLUME = {2},
    AUTHOR = {{Klein}, F., {Fricke}, R.},
    YEAR = {1892},
    PUBLISHER = {Teuber, Leipzig},
}

@ARTICLE{Hurtwiz_1886,
AUTHOR = {{Hurwitz}, A.},
JOURNAL = {Math. Ann.},
PAGES = {183--233},
TITLE = {Ueber endlich Gruppen linearer Substitutionen, welche in der Theorie der elliptischen Transcendenten auftren},
VOLUME = {27},
YEAR = {1886},
}

@ARTICLE{Bianchi_1880,
AUTHOR = {{Bianchi}, L.},
JOURNAL = {Math. Ann.},
PAGES = {234--262},
TITLE = {{\"U}ber die Normalformen dritter und f{\"u}nfter Stufe des elliptischen Integrals erster Gattung},
VOLUME = {17},
YEAR = {1880},
}

@BOOK{Hulek_1983,
  title={Projective Geometry of Elliptic Curves},
  author={Hulek, K.},
  lccn={93110888},
  series={Ast{\'e}risque},
  volume = {137},
  year={1986},
  publisher={Soci{\'e}t{\'e} Math{\'e}matique de France},
}

@BOOK{Silverman_2009,
AUTHOR = {{Silverman}, J.},
TITLE = {The Arithmetic of Elliptic Curves},
VOLUME = {106},
SERIES = {Graduate Texts in Mathematics},
PUBLISHER = {Springer-Verlag New York},
YEAR = {2009},
}

@BOOK{BK_1986,
 TITLE={Plane Algebraic Curves},
  AUTHOR={{Brieskorn}, E., {Kn{\"o}rrer}, H.},
  isbn={9783764317690},
  lccn={lc86017019},
  url={https://books.google.co.uk/books?id=uL8PAQAAMAAJ},
  YEAR={1986},
  PUBLISHER={Birkh{\"a}user Verlag},
}

@ARTICLE{Tracy_1985,
title = "{Embedded elliptic curves and the Yang-Baxter equations}",
journal = {Physica D: Nonlinear Phenomena},
volume = {16},
number = {2},
pages = {203 -- 220},
year = {1985},
author = {{Tracy}, C. A.},
}

@PHDTHESIS{Velu_1978,
TITLE = {Courbes Elliptiques Munies d'un Sous-Groupe $\ZZ/n\ZZ \times \mu_{n}$},
AUTHOR = {V{\'e}lu, J.},
SCHOOL = {Universit{\'e} Paris Sud},
YEAR = {1978},
}

@ARTICLE{Mumford_1966,
author = {{Mumford}, D.},
journal = {Inventiones mathematicae},
pages = {287-354},
title = {On the Equations Defining Abelian Varieties. I.},
url = {http://eudml.org/doc/141838},
volume = {1},
year = {1966},
}

@ARTICLE{Dolgachev_2006,
   author = {{Artebani}, M. and {Dolgachev}, I.},
    title = "{The Hesse pencil of plane cubic curves}",
  journal = {ArXiv Mathematics e-prints},
   eprint = {math/0611590},
 keywords = {Mathematics - Algebraic Geometry, 14H52, 14H10, 14J28},
     year = 2006,
    month = nov,
   adsurl = {http://adsabs.harvard.edu/abs/2006math.....11590A},
  adsnote = {Provided by the SAO/NASA Astrophysics Data System}
}

@ARTICLE{Barth_1985,
AUTHOR = {{Barth}, W. and {Hulek}, K.},
TITLE = {Projective Models of Shioda Modular Surfaces},
JOURNAL = {Manuscripta Mathematica},
YEAR = {1985},
VOLUME = {50},
NUMBER = {1},
PAGES = {73--132},
}

@ARTICLE{Kodaira_1963,
   author = {{Kodaira}, K.},
    title = {On Compact analytic surfaces, II},
  journal = {Ann. of Math.},
   eprint = {math/0611590},
 keywords = {Mathematics - Algebraic Geometry, 14H52, 14H10, 14J28},
     year = {1963},
    pages = {563--626},
    volume= {77}
}

@INCOLLECTION{BHM_1985,
AUTHOR = {{Barth}, W. and {Hulek}, K. and {Moore}, R.},
TITLE = "{Shioda's Modular Surface $S(5)$ and the Horrocks-Mumford bundle}",
BOOKTITLE = {Proc. Tata Conf. on Algebraic Vector Bundles over Algebraic Varieties},
YEAR = {1984},
PUBLISHER = {Bombay},
}

@article{Horrocks_1973,
title = "A rank 2 vector bundle on P4 with 15,000 symmetries",
journal = "Topology",
volume = "12",
number = "1",
pages = "63 - 81",
year = "1973",
issn = "0040-9383",
doi = "https://doi.org/10.1016/0040-9383(73)90022-0",
url = "http://www.sciencedirect.com/science/article/pii/0040938373900220",
author = "G. Horrocks and D. Mumford"
}

@book{klein2007lectures,
  title={Lectures on the Icosahedron and the Solution of the Fifth Degree},
  author={Klein, F. and Morrice, G.G.},
  isbn={9781602063068},
  url={https://books.google.co.uk/books?id=lzPAe\_bVZyUC},
  year={2007},
  publisher={Cosimo Classics}
}

@article{Nieto_1992,
author = {{Nieto}, I.},
year = {1992},
pages = {257-267},
title = "{The normalizer of the level (2,2)-Heisenberg Group}",
volume = {76},
booktitle = {Manuscripta Mathematica}
}

@book{Mumford_1974,
  title={Abelian varieties},
  author={Mumford, D.},
  url={https://books.google.co.uk/books?id=udFFAQAAIAAJ},
  year={1974},
  publisher={Tata Institute of Fundamental Research, Bombay, Oxford University Press}
}

@ARTICLE{Gross_1996,
   author = {{Gross}, M. and {Popescu}, S.},
    title = "{Equations of (1,d)-polarized Abelian Surfaces}",
 keywords = {Mathematics - Algebraic Geometry},
booktitle = {eprint arXiv:alg-geom/9609001},
     year = 1996,
  journal = {ArXiv Mathematics e-prints},
  adsnote = {Provided by the SAO/NASA Astrophysics Data System}
}

@misc{Dolgachev_1997,
  author        = {{Dolgachev}, I.},
  title         = {Lectures on Modular Forms},
  year          = {1997},
}


