@ARTICLE{hitchin_2015,
   author = {{Hitchin}, N.},
    title = {\href{https://arxiv.org/abs/1501.04989}{Higgs bundles and diffeomorphism groups}},
  journal = {ArXiv e-prints},
archivePrefix = "arXiv",
   eprint = {1501.04989},
 primaryClass = "math.DG",
 keywords = {Mathematics - Differential Geometry, 53C26},
     year = 2015,
    month = jan,
   adsurl = {http://adsabs.harvard.edu/abs/2015arXiv150104989H},
  adsnote = {Provided by the SAO/NASA Astrophysics Data System}
}

@ARTICLE{biquard_2015,
   author = {{Biquard}, O.},
    title = {\href{https://arxiv.org/abs/1503.04128}{M{\'e}triques hyperk{\"a}hleriennes pli{\'e}es}},
  journal = {ArXiv e-prints},
archivePrefix = "arXiv",
   eprint = {1503.04128},
 primaryClass = "math.DG",
 keywords = {Mathematics - Differential Geometry},
     year = 2015,
    month = mar,
   adsurl = {http://adsabs.harvard.edu/abs/2015arXiv150304128B},
  adsnote = {Provided by the SAO/NASA Astrophysics Data System}
}

@ARTICLE{evanescent_2016,
   author = {{Niehoff}, B.~E. and {Reall}, H.~S.},
    title = {\href{https://arxiv.org/abs/1601.01898}{Evanescent ergosurfaces and ambipolar hyperk{\"a}hler metrics}},
  journal = {ArXiv e-prints},
archivePrefix = "arXiv",
   eprint = {1601.01898},
 primaryClass = "hep-th",
 keywords = {High Energy Physics - Theory, Mathematical Physics},
     year = 2016,
    month = jan,
   adsurl = {http://adsabs.harvard.edu/abs/2016arXiv160101898N},
  adsnote = {Provided by the SAO/NASA Astrophysics Data System}
}

@INCOLLECTION{donaldson,
   author = {{Donaldson}, S. K.},
    title = "{Complex cobordism, Ashtekar's Equations and diffeomorphisms}",
booktitle = "{Symplectic Topology}",
publisher = {London Math. Soc.},
     year = 1992,
   editor = {{Salamon}, D.}
    pages = "45-55",
}

@article{Hitchin_1987,
author = {Hitchin, N. J.}, 
title = {The Self-Duality Equations on a Riemann Surface},
volume = {s3-55}, 
number = {1}, 
pages = {59-126}, 
year = {1987}, 
doi = {10.1112/plms/s3-55.1.59}, 
URL = {http://plms.oxfordjournals.org/content/s3-55/1/59.short}, 
eprint = {http://plms.oxfordjournals.org/content/s3-55/1/59.full.pdf+html}, 
journal = {Proceedings of the London Mathematical Society} 
}


@article{ashtekar_1988,
author = "Ashtekar, Abhay and Jacobson, Ted and Smolin, Lee",
fjournal = "Communications in Mathematical Physics",
journal = "Comm. Math. Phys.",
number = "4",
pages = "631--648",
publisher = "Springer",
title = "A new characterization of half-flat solutions to Einstein's equation",
url = "http://projecteuclid.org/euclid.cmp/1104161088",
volume = "115",
year = "1988"
}

@ARTICLE{hashimoto_1997,
   author = {{Hashimoto}, Y. and {Yasui}, Y. and {Miyagi}, S. and {Ootsuka}, T.
	},
    title = {\href{https://arxiv.org/abs/hep-th/9610069}{Applications of the Ashtekar gravity to four dimensional hyperk{\"a}hler geometry and Yang-Mills Instantons}},
  journal = {Journal of Mathematical Physics},
   eprint = {hep-th/9610069},
     year = 1997,
    month = nov,
   volume = 38,
    pages = {5833-5839},
      doi = {10.1063/1.532169},
   adsurl = {http://adsabs.harvard.edu/abs/1997JMP....38.5833H},
  adsnote = {Provided by the SAO/NASA Astrophysics Data System}
}

@ARTICLE{ootsuka_1998,
   author = {{Ootsuka}, T. and {Miyagi}, S. and {Yasui}, Y. and {Zeze}, S.
	},
    title = {\href{https://arxiv.org/abs/gr-qc/9809083v1}{Anti-self-dual Maxwell solutions on hyper-K{\"a}hler manifold and N = 2 supersymmetric Ashtekar gravity}},
  journal = {Classical and Quantum Gravity},
   eprint = {gr-qc/9809083},
     year = 1999,
    month = apr,
   volume = 16,
    pages = {1305-1312},
      doi = {10.1088/0264-9381/16/4/019},
   adsurl = {http://adsabs.harvard.edu/abs/1999CQGra..16.1305O},
  adsnote = {Provided by the SAO/NASA Astrophysics Data System}
}

@article{plebanski_1975,
   author = "Pleba√±ski, J. F.",
   title = "Some solutions of complex Einstein equations",
   journal = "Journal of Mathematical Physics",
   year = "1975",
   volume = "16",
   number = "12", 
   eid = ,
   pages = "2395-2402",
   url = "http://scitation.aip.org/content/aip/journal/jmp/16/12/10.1063/1.522505",
   doi = "http://dx.doi.org/10.1063/1.522505" 
}


@article{mason_1989,
author = "Mason, L. J. and Newman, E. T.",
fjournal = "Communications in Mathematical Physics",
journal = "Comm. Math. Phys.",
number = "4",
pages = "659--668",
publisher = "Springer",
title = "A connection between the Einstein and Yang-Mills equations",
url = "http://projecteuclid.org/euclid.cmp/1104178252",
volume = "121",
year = "1989"
}

@ARTICLE{thooft_1976,
author         = "'t Hooft, Gerard",
title          = "{Computation of the Quantum Effects Due to a Four-Dimensional Pseudoparticle}",
journal        = "Phys. Rev.",
volume         = "D14",
year           = "1976",
pages          = "3432-3450",
doi            = "10.1103/PhysRevD.18.2199.3, 10.1103/PhysRevD.14.3432",
}

@article{gibbons_1978,
title = "Gravitational multi-instantons",
journal = "Physics Letters B",
volume = "78",
number = "4",
pages = "430 - 432",
year = "1978",
note = "",
issn = "0370-2693",
doi = "http://dx.doi.org/10.1016/0370-2693(78)90478-1",
url = "http://www.sciencedirect.com/science/article/pii/0370269378904781",
author = "G.W. Gibbons and S.W. Hawking",

}

