@article{hitchin_1991,
author = {Hitchin, Nigel J.},
journal = {S\'eminaire Bourbaki},
publisher = {Soci\'et\'e Math\'ematique de France},
title = "{Hyperk\"ahler Manifolds}",
url = {http://eudml.org/doc/110151},
volume = {34},
number = {748},
year = {1991},
}

@ARTICLE{hitchin_2015,
   author = {Hitchin, Nigel J.},
    title = {Higgs bundles and diffeomorphism groups},
  journal = {ArXiv e-prints},
     year = 2015,
}

@article{gibbons_1978,
title = "{Gravitational multi-instantons}",
journal = {Phys. Lett. B},
volume = {78},
number = {4},
year = {1978},
author = {Gibbons, Gary W. and Hawking, Stephen W.},
}

@ARTICLE{biquard_2015,
   author = {Biquard, Olivier},
    title = "{M{\'e}triques Hyperk{\"a}hleriennes Pli{\'e}es}",
  journal = {ArXiv e-prints},
     year = 2015,
}

@article{plebanksi_1975,
author = {{Pleba\'nski}, J. F.},
title = "{Some solutions of complex Einstein equations}",
journal = "{Jour. Math. Phys.}",
volume = {16},
number = {12},
year = {1975},
}

@article{lebrun_1991,
author = {LeBrun, Claude},
journal = {Jour. Diff. Geom.},
number = {1},
title = "{Explicit self-dual metrics on $\mathbb{CP}_2 \# \cdots\#\mathbb{CP}_2$}",
volume = {34},
year = {1991}
}

@ARTICLE{tod_1995,
  author={{Tod}, K. P.},
  title="{Scalar-flat K\"ahler and hyper-K\"ahler metrics from Painlev\'e-III}",
  journal="{Class. Quant. Grav.}",
  volume={12},
  number={6},
  year={1995},
}

@ARTICLE{ding_2011,
   author = {Ding, Fan and Geiges, Hansj{\"o}rg},
    title = "{Contract Structures on Principal Circle Bundles}",
  journal = {ArXiv e-prints},
     year = 2011,
}
