@book {Gui94,
	AUTHOR = {Guillemin, Victor},
	TITLE = {Moment maps and combinatorial invariants of {H}amiltonian
	{$T^n$}-spaces},
	SERIES = {Progress in Mathematics},
	VOLUME = {122},
	PUBLISHER = {Birkh\"{a}user Boston, Inc., Boston, MA},
	YEAR = {1994},
	PAGES = {viii+150},
	ISBN = {0-8176-3770-2},
	MRCLASS = {58F06 (14C40 35L10 58F05)},
	MRNUMBER = {1301331},
	MRREVIEWER = {Alejandro Uribe},
	DOI = {10.1007/978-1-4612-0269-1},
	URL = {https://doi.org/10.1007/978-1-4612-0269-1},
}

@book {Aud04,
	AUTHOR = {Audin, Mich\`ele},
	TITLE = {Torus actions on symplectic manifolds},
	SERIES = {Progress in Mathematics},
	VOLUME = {93},
	EDITION = {revised},
	PUBLISHER = {Birkh\"{a}user Verlag, Basel},
	YEAR = {2004},
	PAGES = {viii+325},
	ISBN = {3-7643-2176-8},
	MRCLASS = {53D20 (14M25 57S25)},
	MRNUMBER = {2091310},
	MRREVIEWER = {Catalin Zara},
	DOI = {10.1007/978-3-0348-7960-6},
	URL = {https://doi.org/10.1007/978-3-0348-7960-6},
}

@book {Sil01,
	AUTHOR = {Cannas da Silva, Ana},
	TITLE = {Lectures on symplectic geometry},
	SERIES = {Lecture Notes in Mathematics},
	VOLUME = {1764},
	PUBLISHER = {Springer-Verlag, Berlin},
	YEAR = {2001},
	PAGES = {xii+217},
	ISBN = {3-540-42195-5},
	MRCLASS = {53Dxx (53-01)},
	MRNUMBER = {1853077},
	MRREVIEWER = {Brendan J. Foreman},
	DOI = {10.1007/978-3-540-45330-7},
	URL = {https://doi.org/10.1007/978-3-540-45330-7},
}

@book {GGK02,
	AUTHOR = {Guillemin, Victor and Ginzburg, Viktor and Karshon, Yael},
	TITLE = {Moment maps, cobordisms, and {H}amiltonian group actions},
	SERIES = {Mathematical Surveys and Monographs},
	VOLUME = {98},
	NOTE = {Appendix J by Maxim Braverman},
	PUBLISHER = {American Mathematical Society, Providence, RI},
	YEAR = {2002},
	PAGES = {viii+350},
	ISBN = {0-8218-0502-9},
	MRCLASS = {53D20 (53-02 53D50 57R90 57S15)},
	MRNUMBER = {1929136},
	MRREVIEWER = {Tara S. Holm},
	DOI = {10.1090/surv/098},
	URL = {https://doi.org/10.1090/surv/098},
}

@article {Del88,
	AUTHOR = {Delzant, Thomas},
	TITLE = {Hamiltoniens p\'{e}riodiques et images convexes de l'application
	moment},
	JOURNAL = {Bull. Soc. Math. France},
	FJOURNAL = {Bulletin de la Soci\'{e}t\'{e} Math\'{e}matique de France},
	VOLUME = {116},
	YEAR = {1988},
	NUMBER = {3},
	PAGES = {315--339},
	ISSN = {0037-9484},
	MRCLASS = {58F05},
	MRNUMBER = {984900},
	MRREVIEWER = {J. J. Duistermaat},
	URL = {http://www.numdam.org/item?id=BSMF_1988__116_3_315_0},
}

@incollection {Ham08,
	AUTHOR = {Hamilton, Mark D.},
	TITLE = {The quantization of a toric manifold is given by the integer
	lattice points in the moment polytope},
	BOOKTITLE = {Toric topology},
	SERIES = {Contemp. Math.},
	VOLUME = {460},
	PAGES = {131--140},
	PUBLISHER = {Amer. Math. Soc., Providence, RI},
	YEAR = {2008},
	MRCLASS = {53D50},
	MRNUMBER = {2428353},
	MRREVIEWER = {Kwokwai Chan},
	DOI = {10.1090/conm/460/09015},
	URL = {https://doi.org/10.1090/conm/460/09015},
}

@book {Pro04,
	AUTHOR = {Proudfoot, Nicholas James},
	TITLE = {Hyperkahler analogues of {K}ahler quotients},
	NOTE = {Thesis (Ph.D.)--University of California, Berkeley},
	PUBLISHER = {ProQuest LLC, Ann Arbor, MI},
	YEAR = {2004},
	PAGES = {86},
	ISBN = {978-0496-16112-6},
	MRCLASS = {Thesis},
	MRNUMBER = {2706639},
	URL =
	{http://gateway.proquest.com/openurl?url_ver=Z39.88-2004&rft_val_fmt=info:ofi/fmt:kev:mtx:dissertation&res_dat=xri:pqdiss&rft_dat=xri:pqdiss:3155582},
}

@article {BD00,
	AUTHOR = {Bielawski, Roger and Dancer, Andrew S.},
	TITLE = {The geometry and topology of toric hyperk\"{a}hler manifolds},
	JOURNAL = {Comm. Anal. Geom.},
	FJOURNAL = {Communications in Analysis and Geometry},
	VOLUME = {8},
	YEAR = {2000},
	NUMBER = {4},
	PAGES = {727--760},
	ISSN = {1019-8385},
	MRCLASS = {53C26 (14M25 53D20)},
	MRNUMBER = {1792372},
	MRREVIEWER = {Andrew Swann},
	DOI = {10.4310/CAG.2000.v8.n4.a2},
	URL = {https://doi.org/10.4310/CAG.2000.v8.n4.a2},
}

@article {Ler95,
	AUTHOR = {Lerman, Eugene},
	TITLE = {Symplectic cuts},
	JOURNAL = {Math. Res. Lett.},
	FJOURNAL = {Mathematical Research Letters},
	VOLUME = {2},
	YEAR = {1995},
	NUMBER = {3},
	PAGES = {247--258},
	ISSN = {1073-2780},
	MRCLASS = {58F05 (57S25)},
	MRNUMBER = {1338784},
	MRREVIEWER = {Hansj\"{o}rg Geiges},
	DOI = {10.4310/MRL.1995.v2.n3.a2},
	URL = {https://doi.org/10.4310/MRL.1995.v2.n3.a2},
}


@article {GP17,
	AUTHOR = {Gukov, Sergei and Pei, Du},
	TITLE = {Equivariant {V}erlinde formula from fivebranes and vortices},
	JOURNAL = {Comm. Math. Phys.},
	FJOURNAL = {Communications in Mathematical Physics},
	VOLUME = {355},
	YEAR = {2017},
	NUMBER = {1},
	PAGES = {1--50},
	ISSN = {0010-3616},
	MRCLASS = {81T30 (58Z05)},
	MRNUMBER = {3670728},
	MRREVIEWER = {Vladimir Garc\'{\i}a-Morales},
	DOI = {10.1007/s00220-017-2931-9},
	URL = {https://doi.org/10.1007/s00220-017-2931-9},
}

@article {HKLR87,
	AUTHOR = {Hitchin, N. J. and Karlhede, A. and Lindstr\"{o}m, U. and Ro\v{c}ek,
	M.},
	TITLE = {Hyper-{K}\"{a}hler metrics and supersymmetry},
	JOURNAL = {Comm. Math. Phys.},
	FJOURNAL = {Communications in Mathematical Physics},
	VOLUME = {108},
	YEAR = {1987},
	NUMBER = {4},
	PAGES = {535--589},
	ISSN = {0010-3616},
	MRCLASS = {53C25 (32C10 53C55 53C80 58E99 81E99)},
	MRNUMBER = {877637},
	MRREVIEWER = {Pankaj Topiwala},
	URL = {http://projecteuclid.org/euclid.cmp/1104116624},
}

@article {GS82,
	AUTHOR = {Guillemin, V. and Sternberg, S.},
	TITLE = {Convexity properties of the moment mapping},
	JOURNAL = {Invent. Math.},
	FJOURNAL = {Inventiones Mathematicae},
	VOLUME = {67},
	YEAR = {1982},
	NUMBER = {3},
	PAGES = {491--513},
	ISSN = {0020-9910},
	MRCLASS = {58F05 (57S25 70H05)},
	MRNUMBER = {664117},
	MRREVIEWER = {I. Vaisman},
	DOI = {10.1007/BF01398933},
	URL = {https://doi.org/10.1007/BF01398933},
}

@article {Ati82,
	AUTHOR = {Atiyah, M. F.},
	TITLE = {Convexity and commuting {H}amiltonians},
	JOURNAL = {Bull. London Math. Soc.},
	FJOURNAL = {The Bulletin of the London Mathematical Society},
	VOLUME = {14},
	YEAR = {1982},
	NUMBER = {1},
	PAGES = {1--15},
	ISSN = {0024-6093},
	MRCLASS = {53C15 (22E30 53C55 58F05)},
	MRNUMBER = {642416},
	MRREVIEWER = {A. Morimoto},
	DOI = {10.1112/blms/14.1.1},
	URL = {https://doi.org/10.1112/blms/14.1.1},
}

@article {Hau98,
	AUTHOR = {Hausel, Tam\'{a}s},
	TITLE = {Compactification of moduli of {H}iggs bundles},
	JOURNAL = {J. Reine Angew. Math.},
	FJOURNAL = {Journal f\"{u}r die Reine und Angewandte Mathematik. [Crelle's
	Journal]},
	VOLUME = {503},
	YEAR = {1998},
	PAGES = {169--192},
	ISSN = {0075-4102},
	MRCLASS = {14H60 (53D20)},
	MRNUMBER = {1650276},
	MRREVIEWER = {Nitin Nitsure},
	DOI = {10.1515/crll.1998.096},
	URL = {https://doi.org/10.1515/crll.1998.096},
}

@article {Ver88,
	AUTHOR = {Verlinde, Erik},
	TITLE = {Fusion rules and modular transformations in {$2$}{D} conformal
	field theory},
	JOURNAL = {Nuclear Phys. B},
	FJOURNAL = {Nuclear Physics. B. Theoretical, Phenomenological, and
	Experimental High Energy Physics. Quantum Field Theory and
	Statistical Systems},
	VOLUME = {300},
	YEAR = {1988},
	NUMBER = {3},
	PAGES = {360--376},
	ISSN = {0550-3213},
	MRCLASS = {81E99 (58G40 81E40)},
	MRNUMBER = {954762},
	MRREVIEWER = {Peter Bouwknegt},
	DOI = {10.1016/0550-3213(88)90603-7},
	URL = {https://doi.org/10.1016/0550-3213(88)90603-7},
}

@article {NR69,
	AUTHOR = {Narasimhan, M. S. and Ramanan, S.},
	TITLE = {Moduli of vector bundles on a compact {R}iemann surface},
	JOURNAL = {Ann. of Math. (2)},
	FJOURNAL = {Annals of Mathematics. Second Series},
	VOLUME = {89},
	YEAR = {1969},
	PAGES = {14--51},
	ISSN = {0003-486X},
	MRCLASS = {57.30},
	MRNUMBER = {242185},
	MRREVIEWER = {T. tom Dieck},
	DOI = {10.2307/1970807},
	URL = {https://doi.org/10.2307/1970807},
}

@article {Gro46,
	AUTHOR = {Groenewold, H. J.},
	TITLE = {On the principles of elementary quantum mechanics},
	JOURNAL = {Physica},
	FJOURNAL = {Physica},
	VOLUME = {12},
	YEAR = {1946},
	PAGES = {405--460},
	ISSN = {0031-8914},
	MRCLASS = {81.0X},
	MRNUMBER = {18562},
}

@article {Hov51,
	AUTHOR = {Van Hove, L\'{e}on},
	TITLE = {Sur certaines repr\'{e}sentations unitaires d'un groupe infini de
	transformations},
	JOURNAL = {Acad. Roy. Belgique. Cl. Sci. M\'{e}m. Coll. in $8^\circ$},
	VOLUME = {26},
	YEAR = {1951},
	NUMBER = {6},
	PAGES = {102},
	MRCLASS = {20.0X},
	MRNUMBER = {0057260},
	MRREVIEWER = {I. E. Segal},
}