@article{10.2307/20403069,
 ISSN = {00368075, 10959203},
 author = { \textit{et al.}, S. M\"{u}hlbauer,},
 journal = {Science},
 pages = {915},
 title = {Skyrmion Lattice in a Chiral Magnet},
 volume = {\textbf{323}},
 year = {(2009)}
}


@article{Morinari:2010wg,
 author = { T. Morinari,},
    title = "{Vortex Created by Skyrmion Spin Texture under Magnetic Field}",
 journal = {ArXiv e-prints},
 year = {(2010)}
}

@ARTICLE{Soccer,
   author = { \textit{et al.}, K. Everschor-Sitte,},
    title = "{Real-space Berry phases: Skyrmion soccer}",
  journal = {J. Appl. Phys.},
archivePrefix = "arXiv",
   eprint = {1405.0987},
 primaryClass = "cond-mat.str-el",
     year = {(2014)},
   volume = {\textbf{115}},
      eid = {172602},
    pages = {172602},
      doi = {10.1063/1.4870695},
   adsurl = {http://adsabs.harvard.edu/abs/2014JAP...115q2602E},
  adsnote = {Provided by the SAO/NASA Astrophysics Data System}
}

@article {Berry45,
	author = {Berry, M. V.},
	title = {Quantal Phase Factors Accompanying Adiabatic Changes},
	volume = {\textbf{392}},
	pages = {45},
	year = {(1984)},
	doi = {10.1098/rspa.1984.0023},
	publisher = {The Royal Society},
	issn = {0080-4630},
	URL = {http://rspa.royalsocietypublishing.org/content/392/1802/45},
	eprint = {http://rspa.royalsocietypublishing.org/content/392/1802/45.full.pdf},
	journal = {Proc. R. Soc. A}
}