@FOOTNOTE{Note1,key="Note1",note="Also known as \protect \emph  {vierbein} in the Cartan formulation of differential geometry, and serves as the ``square root'' of the metric."}
@CONTROL{REVTEX41Control}
@CONTROL{apsrev41Control,author="08",editor="1",pages="0",title="",year="1"}
