% Encoding: UTF-8

@InCollection{Konno2002,
  author    = {Konno, Hiroshi},
  booktitle = {Minimal surfaces, geometric analysis and symplectic geometry ({B}altimore, {MD}, 1999)},
  publisher = {Math. Soc. Japan, Tokyo},
  title     = {The topology of toric hyper{K}\"{a}hler manifolds},
  year      = {2002},
  pages     = {173--184},
  series    = {Adv. Stud. Pure Math.},
  volume    = {34},
  doi       = {10.2969/aspm/03410173},
  groups    = {Hypertoric Manifolds},
  keywords  = {53C26 (53D20)},
  mrnumber  = {1925738},
}

@Book{Guillemin1994,
  author    = {Guillemin, Victor},
  publisher = {Birkh\"{a}user Boston, Inc., Boston, MA},
  title     = {Moment maps and combinatorial invariants of {H}amiltonian {$T^n$}-spaces},
  year      = {1994},
  isbn      = {0-8176-3770-2},
  series    = {Progress in Mathematics},
  volume    = {122},
  doi       = {10.1007/978-1-4612-0269-1},
  groups    = {Hypertoric Manifolds},
  keywords  = {58F06 (14C40 35L10 58F05)},
  mrnumber  = {1301331},
  pages     = {viii+150},
}

@Article{Holm2012,
  author   = {Holm, T. S. and Matsumura, T.},
  journal  = {Transformation Groups},
  title    = {Equivariant cohomology for {H}amiltonian torus actions on symplectic orbifolds},
  year     = {2012},
  issn     = {1083-4362},
  number   = {3},
  pages    = {717--746},
  volume   = {17},
  doi      = {10.1007/s00031-012-9192-7},
  groups   = {Fixed-Points},
  keywords = {53D99},
  mrnumber = {2956164},
}

@Article{Meinrenken1996,
  author   = {Meinrenken, Eckhard},
  journal  = {Journal of the American Mathematical Society},
  title    = {On {R}iemann-{R}och formulas for multiplicities},
  year     = {1996},
  issn     = {0894-0347},
  number   = {2},
  pages    = {373--389},
  volume   = {9},
  doi      = {10.1090/S0894-0347-96-00197-X},
  groups   = {Fixed-Points},
  keywords = {58F06 (22E45 32L10 58G05)},
  mrnumber = {1325798},
}

@Article{FARSI1992,
  author = {C. A. R. L. A. FARSI},
  title  = {K-THEORETICAL INDEX THEOREMS FOR ORBIFOLDS},
  year   = {1992},
  issn   = {0033-5606},
  pages  = {183-200},
  volume = {43},
  doi    = {10.1093/qmath/43.2.183},
  groups = {Orbifolds},
}

@Book{Audin2004,
  author    = {Audin, Mich\`ele},
  publisher = {Birkh\"{a}user Verlag, Basel},
  title     = {Torus actions on symplectic manifolds},
  year      = {2004},
  edition   = {revised},
  isbn      = {3-7643-2176-8},
  series    = {Progress in Mathematics},
  volume    = {93},
  doi       = {10.1007/978-3-0348-7960-6},
  keywords  = {53D20 (14M25 57S25)},
  mrnumber  = {2091310},
  pages     = {viii+325},
}

@Book{Proudfoot2004,
  author    = {Proudfoot, Nicholas James},
  publisher = {ProQuest LLC, Ann Arbor, MI},
  title     = {Hyperkahler analogues of {K}ahler quotients},
  year      = {2004},
  isbn      = {978-0496-16112-6},
  note      = {Thesis (Ph.D.)--University of California, Berkeley},
  keywords  = {Thesis},
  mrnumber  = {2706639},
  pages     = {86},
}

@Comment{jabref-meta: databaseType:bibtex;}

@Comment{jabref-meta: grouping:
0 AllEntriesGroup:;
1 StaticGroup:Fixed-Points\;0\;1\;0x8a8a8aff\;\;\;;
1 StaticGroup:Hypertoric Manifolds\;0\;0\;0x8a8a8aff\;\;\;;
1 StaticGroup:Orbifolds\;0\;0\;0x8a8a8aff\;\;\;;
}
