% Encoding: UTF-8

@InCollection{Konno2002,
  author    = {Konno, Hiroshi},
  booktitle = {Minimal surfaces, geometric analysis and symplectic geometry ({B}altimore, {MD}, 1999)},
  publisher = {Math. Soc. Japan, Tokyo},
  title     = {The topology of toric hyper{K}\"{a}hler manifolds},
  year      = {2002},
  pages     = {173--184},
  series    = {Adv. Stud. Pure Math.},
  volume    = {34},
  doi       = {10.2969/aspm/03410173},
  keywords  = {53C26 (53D20)},
  mrnumber  = {1925738},
}

@Book{Guillemin1994,
  author    = {Guillemin, Victor},
  publisher = {Birkh\"{a}user Boston, Inc., Boston, MA},
  title     = {Moment maps and combinatorial invariants of {H}amiltonian {$T^n$}-spaces},
  year      = {1994},
  isbn      = {0-8176-3770-2},
  series    = {Progress in Mathematics},
  volume    = {122},
  doi       = {10.1007/978-1-4612-0269-1},
  keywords  = {58F06 (14C40 35L10 58F05)},
  mrnumber  = {1301331},
  pages     = {viii+150},
}

@Article{Harada2005,
  author   = {Harada, Megumi and Holm, Tara S.},
  journal  = {Communications in Analysis and Geometry},
  title    = {The equivariant cohomology of hypertoric varieties and their real loci},
  year     = {2005},
  issn     = {1019-8385},
  number   = {3},
  pages    = {527--559},
  volume   = {13},
  keywords = {53D20},
  mrnumber = {2171691},
}

@Book{Proudfoot2004,
  author    = {Proudfoot, Nicholas James},
  publisher = {ProQuest LLC, Ann Arbor, MI},
  title     = {Hyperkahler analogues of {K}ahler quotients},
  year      = {2004},
  isbn      = {978-0496-16112-6},
  note      = {Thesis (Ph.D.)--University of California, Berkeley},
  keywords  = {Thesis},
  mrnumber  = {2706639},
  pages     = {86},
}

@Comment{jabref-meta: databaseType:bibtex;}
