@article{Morinari:2010wg,
      author         = "Morinari, Takao",
      title          = "{Vortex Created by Skyrmion Spin Texture under Magnetic
                        Field}",
      year           = "2010",
      eprint         = "1007.4047",
      archivePrefix  = "arXiv",
      primaryClass   = "cond-mat.str-el",
      SLACcitation   = "%%CITATION = ARXIV:1007.4047;%%"
}