@article {LT-1997,
	AUTHOR = {Lerman, Eugene and Tolman, Susan},
	TITLE = {Hamiltonian torus actions on symplectic orbifolds and toric
	varieties},
	JOURNAL = {Trans. Amer. Math. Soc.},
	FJOURNAL = {Transactions of the American Mathematical Society},
	VOLUME = {349},
	YEAR = {1997},
	NUMBER = {10},
	PAGES = {4201--4230},
	ISSN = {0002-9947},
	MRCLASS = {57S15 (14M25 58F05)},
	MRNUMBER = {1401525},
	MRREVIEWER = {Johannes Huebschmann},
	DOI = {10.1090/S0002-9947-97-01821-7},
	URL = {https://doi.org/10.1090/S0002-9947-97-01821-7},
}