% Encoding: UTF-8
@book {JD1997,
	AUTHOR = {Duistermaat, J. J.},
	TITLE = {The heat kernel {L}efschetz fixed point formula for the
	spin-{$c$} {D}irac operator},
	SERIES = {Progress in Nonlinear Differential Equations and their
	Applications},
	VOLUME = {18},
	PUBLISHER = {Birkh\"{a}user Boston, Inc., Boston, MA},
	YEAR = {1996},
	PAGES = {viii+247},
	ISBN = {0-8176-3865-2},
	MRCLASS = {58G10 (58F06 58G11)},
	MRNUMBER = {1365745},
	MRREVIEWER = {Alejandro Uribe},
	DOI = {10.1007/978-1-4612-5344-0},
	URL = {https://doi.org/10.1007/978-1-4612-5344-0},
}

@article {MAIS1968,
	AUTHOR = {Atiyah, M. F. and Singer, I. M.},
	TITLE = {The index of elliptic operators. {III}},
	JOURNAL = {Ann. of Math. (2)},
	FJOURNAL = {Annals of Mathematics. Second Series},
	VOLUME = {87},
	YEAR = {1968},
	PAGES = {546--604},
	ISSN = {0003-486X},
	MRCLASS = {57.50},
	MRNUMBER = {236952},
	MRREVIEWER = {F. Hirzebruch},
	DOI = {10.2307/1970717},
	URL = {https://doi.org/10.2307/1970717},
}

@Article{Karshon2007,
  author   = {Karshon, Yael and Sternberg, Shlomo and Weitsman, Jonathan},
  journal  = {Advances in Applied Mathematics},
  title    = {Exact {E}uler-{M}aclaurin formulas for simple lattice polytopes},
  year     = {2007},
  issn     = {0196-8858},
  number   = {1},
  pages    = {1--50},
  volume   = {39},
  doi      = {10.1016/j.aam.2006.04.003},
  keywords = {52B20 (52C07 65B15)},
  mrnumber = {2319562},
}

@Article{Brion1997,
  author   = {Brion, Michel and Vergne, Mich\`ele},
  journal  = {Journal of the American Mathematical Society},
  title    = {Lattice points in simple polytopes},
  year     = {1997},
  issn     = {0894-0347},
  number   = {2},
  pages    = {371--392},
  volume   = {10},
  doi      = {10.1090/S0894-0347-97-00229-4},
  keywords = {11P21 (11H06 14M25)},
  mrnumber = {1415319},
}

@Book{Proudfoot2004,
  author    = {Proudfoot, Nicholas James},
  publisher = {ProQuest LLC, Ann Arbor, MI},
  title     = {Hyperkahler analogues of {K}ahler quotients},
  year      = {2004},
  isbn      = {978-0496-16112-6},
  note      = {Thesis (Ph.D.)--University of California, Berkeley},
  keywords  = {Thesis},
  mrnumber  = {2706639},
  pages     = {86},
}

@Article{Dancer2006,
  author   = {Dancer, Andrew and Swann, Andrew},
  journal  = {Asian Journal of Mathematics},
  title    = {Modifying hyperk\"{a}hler manifolds with circle symmetry},
  year     = {2006},
  issn     = {1093-6106},
  number   = {4},
  pages    = {815--826},
  volume   = {10},
  doi      = {10.4310/AJM.2006.v10.n4.a11},
  keywords = {53C26 (53D20)},
  mrnumber = {2279158},
}

@Article{Hausel2002,
  author   = {Hausel, Tam\'{a}s and Sturmfels, Bernd},
  journal  = {Documenta Mathematica},
  title    = {Toric hyper{K}\"{a}hler varieties},
  year     = {2002},
  issn     = {1431-0635},
  pages    = {495--534},
  volume   = {7},
  keywords = {53C26 (14M25 53D20)},
  mrnumber = {2015052},
}

@Article{Bielawski2000,
  author   = {Bielawski, Roger and Dancer, Andrew S.},
  journal  = {Communications in Analysis and Geometry},
  title    = {The geometry and topology of toric hyperk\"{a}hler manifolds},
  year     = {2000},
  issn     = {1019-8385},
  number   = {4},
  pages    = {727--760},
  volume   = {8},
  doi      = {10.4310/CAG.2000.v8.n4.a2},
  keywords = {53C26 (14M25 53D20)},
  mrnumber = {1792372},
}

@Book{Guillemin1994,
  author    = {Guillemin, Victor},
  publisher = {Birkh\"{a}user Boston, Inc., Boston, MA},
  title     = {Moment maps and combinatorial invariants of {H}amiltonian {$T^n$}-spaces},
  year      = {1994},
  isbn      = {0-8176-3770-2},
  series    = {Progress in Mathematics},
  volume    = {122},
  doi       = {10.1007/978-1-4612-0269-1},
  keywords  = {58F06 (14C40 35L10 58F05)},
  mrnumber  = {1301331},
  pages     = {viii+150},
}

@InCollection{Konno2002,
  author    = {Konno, Hiroshi},
  booktitle = {Minimal surfaces, geometric analysis and symplectic geometry ({B}altimore, {MD}, 1999)},
  publisher = {Math. Soc. Japan, Tokyo},
  title     = {The topology of toric hyper{K}\"{a}hler manifolds},
  year      = {2002},
  pages     = {173--184},
  series    = {Adv. Stud. Pure Math.},
  volume    = {34},
  doi       = {10.2969/aspm/03410173},
  keywords  = {53C26 (53D20)},
  mrnumber  = {1925738},
}

@Article{Lerman1995,
  author   = {Lerman, Eugene},
  journal  = {Mathematical Research Letters},
  title    = {Symplectic cuts},
  year     = {1995},
  issn     = {1073-2780},
  number   = {3},
  pages    = {247--258},
  volume   = {2},
  doi      = {10.4310/MRL.1995.v2.n3.a2},
  keywords = {58F05 (57S25)},
  mrnumber = {1338784},
}

@Book{Audin2004,
  author    = {Audin, Mich\`ele},
  publisher = {Birkh\"{a}user Verlag, Basel},
  title     = {Torus actions on symplectic manifolds},
  year      = {2004},
  edition   = {revised},
  isbn      = {3-7643-2176-8},
  series    = {Progress in Mathematics},
  volume    = {93},
  doi       = {10.1007/978-3-0348-7960-6},
  keywords  = {53D20 (14M25 57S25)},
  mrnumber  = {2091310},
  pages     = {viii+325},
}

@Article{Lerman1997,
  author   = {Lerman, Eugene and Tolman, Susan},
  journal  = {Transactions of the American Mathematical Society},
  title    = {Hamiltonian torus actions on symplectic orbifolds and toric varieties},
  year     = {1997},
  issn     = {0002-9947},
  number   = {10},
  pages    = {4201--4230},
  volume   = {349},
  doi      = {10.1090/S0002-9947-97-01821-7},
  keywords = {57S15 (14M25 58F05)},
  mrnumber = {1401525},
}

@Comment{jabref-meta: databaseType:bibtex;}
