% Encoding: UTF-8
@book {JD1997,
	AUTHOR = {Duistermaat, J. J.},
	TITLE = {The heat kernel {L}efschetz fixed point formula for the
	spin-{$c$} {D}irac operator},
	SERIES = {Progress in Nonlinear Differential Equations and their
	Applications},
	VOLUME = {18},
	PUBLISHER = {Birkh\"{a}user Boston, Inc., Boston, MA},
	YEAR = {1996},
	PAGES = {viii+247},
	ISBN = {0-8176-3865-2},
	MRCLASS = {58G10 (58F06 58G11)},
	MRNUMBER = {1365745},
	MRREVIEWER = {Alejandro Uribe},
	DOI = {10.1007/978-1-4612-5344-0},
	URL = {https://doi.org/10.1007/978-1-4612-5344-0},
}

@article {MAIS1968,
	AUTHOR = {Atiyah, M. F. and Singer, I. M.},
	TITLE = {The index of elliptic operators. {III}},
	JOURNAL = {Ann. of Math. (2)},
	FJOURNAL = {Annals of Mathematics. Second Series},
	VOLUME = {87},
	YEAR = {1968},
	PAGES = {546--604},
	ISSN = {0003-486X},
	MRCLASS = {57.50},
	MRNUMBER = {236952},
	MRREVIEWER = {F. Hirzebruch},
	DOI = {10.2307/1970717},
	URL = {https://doi.org/10.2307/1970717},
}
@Comment{jabref-meta: databaseType:bibtex;}
