@ARTICLE{hitchin_2015,
   author = {Hitchin, Nigel J.},
    title = {\href{https://arxiv.org/abs/1501.04989}{Higgs bundles and diffeomorphism groups}},
  journal = {ArXiv e-prints},
archivePrefix = "arXiv",
   eprint = {1501.04989},
 primaryClass = "math.DG",
 keywords = {Mathematics - Differential Geometry, 53C26},
     year = 2015,
   adsurl = {http://adsabs.harvard.edu/abs/2015arXiv150104989H},
  adsnote = {Provided by the SAO/NASA Astrophysics Data System}
}

@article{atiyah_1978,
author = {Atiyah, Michael F. and Hitchin, Nigel J. and Singer, Isadore M.},
journal = {Proc. R. Soc. Lond. A.},
pages = {425--461},
title = "{Self-duality in four-dimensional Riemannian geometry}",
volume = {362},
year = {1978},
}

@article{dancer_1994,
author = {Dancer, Andrew S.},
title = "{A Family of Hyperk\"ahler Manifolds}",
journal = {Quart. Jour. Math.},
volume = {45},
number = {4},
pages = {463--478},
year = {1994},
doi = {10.1093/qmath/45.4.463},
URL = { + http://dx.doi.org/10.1093/qmath/45.4.463},
}

@article{hitchin_1991,
author = {Hitchin, Nigel J.},
journal = {S\'eminaire Bourbaki},
pages = {137--166},
publisher = {Soci\'et\'e Math\'ematique de France},
title = "{Hyperk\"ahler Manifolds}",
url = {http://eudml.org/doc/110151},
volume = {34},
year = {1991},
}

@article{eguchi_1978,
title = "{Asymptotically Flat Self-Dual Solutions to Euclidean Gravity}",
journal = {Phys. Lett. B},
volume = {74},
number = {3},
pages = {249--251},
year = {1978},
issn = {0370-2693},
doi = {http://dx.doi.org/10.1016/0370-2693(78)90566-X},
url = {http://www.sciencedirect.com/science/article/pii/037026937890566X},
author = {Eguchi, Tohru. and Hanson, Andrew J.},
}

@ARTICLE{biquard_2015,
   author = {Biquard, Olivier},
    title = "{\href{https://arxiv.org/abs/1503.04128}{M{\'e}triques Hyperk{\"a}hleriennes Pli{\'e}es}}",
  journal = {ArXiv e-prints},
archivePrefix = "arXiv",
   eprint = {1503.04128},
 primaryClass = "math.DG",
 keywords = {Mathematics - Differential Geometry},
     year = 2015,
   adsurl = {http://adsabs.harvard.edu/abs/2015arXiv150304128B},
  adsnote = {Provided by the SAO/NASA Astrophysics Data System}
}

@article{gibbons_1978,
title = "{Gravitational multi-instantons}",
journal = {Phys. Lett. B},
volume = {78},
number = {4},
pages = {430--432},
year = {1978},
issn = {0370-2693},
doi = {http://dx.doi.org/10.1016/0370-2693(78)90478-1},
url = {http://www.sciencedirect.com/science/article/pii/0370269378904781},
author = {Gibbons, Gary W. and Hawking, Stephen W.},
}

@ARTICLE{dasilva_2000,
   author = {da Silva, Ana C. and Guillemin, Victor and Woodward, Christopher},
    title = "{On the Unfolding of Folded Symplectic Structures}",
  journal = {Math. Res. Lett.},
     year = 2000,
   volume = 7,
    pages = {35--53},
}

@ARTICLE{baykur_2006,
   author = {Baykur, Refik I.},
    title = "{\href{https://arxiv.org/abs/math/0601396}{K{\"a}hler Decomposition of 4-Manifolds}}",
  journal = {ArXiv e-prints},
     year = {2006},
}

@article{gibbons_2013,
author    = {Gibbons, Gary W. and Warner, Nicholas P.},
title     = "{\href{https://arxiv.org/abs/1305.0957}{Global structure of five-dimensional fuzzballs}}",
journal   = {Class. Quant. Grav.},
archivePrefix = "arXiv",
eprint    = {1305.0957},
 primaryClass = "hep-th",
     year = {2014},
   volume = {31},
    number={2},
pages={1--41},
      doi = {10.1088/0264-9381/31/2/025016},
   adsurl = {http://adsabs.harvard.edu/abs/2014CQGra..31b5016G},
  adsnote = {Provided by the SAO/NASA Astrophysics Data System}
}

@ARTICLE{hitchin_1987,
author = {Hitchin, Nigel J. and Karlhede, A and Lindstr{\"o}m, U and Ro\v{c}ek, M},
journal = {Comm. Math. Phys.},
number = {4},
pages = {535--589},
publisher = {Springer},
title = "{Hyperk\"ahler Metrics and Supersymmetry}",
url = "http://projecteuclid.org/euclid.cmp/1104116624",
volume = {108},
year = {1987}
}


@ARTICLE{ashtekar_1987,
   author = {Ashtekar, Abhay},
    title = "{New Hamiltonian formulation of general relativity}",
  journal = {Phys. Rev. D},
     year = {1987},
   number = {6},
   volume = {36},
    pages = {1587--1602},
}

@INCOLLECTION{donaldson,
   author = {Donaldson, Simon K.},
    title = "{Complex Cobordism, Ashtekar's Equations and Diffeomorphisms}",
booktitle = "{Symplectic Topology}",
publisher = {London Math. Soc.},
     year = 1992,
   editor = {Salamon, Dietmar}
    pages = "45--55",
}

@ARTICLE{hitchin_1987,
author = {Hitchin, Nigel J.}, 
title = "{The self-duality equations on a Riemann surface}",
volume = {55}, 
number = {1}, 
pages = {59--126}, 
year = {1987}, 
doi = {10.1112/plms/s3-55.1.59}, 
URL = {http://plms.oxfordjournals.org/content/s3-55/1/59.short}, 
eprint = {http://plms.oxfordjournals.org/content/s3-55/1/59.full.pdf+html}, 
journal = {Proc. London Math. Soc.} 
}

@ARTICLE{ashtekar_1988,
author = {Ashtekar, Abhay and Jacobson, Ted and Smolin, Lee},
fjournal = {Communications in Mathematical Physics},
journal = {Comm. Math. Phys.},
number = {4},
pages = {631--648},
publisher = {Springer},
title = "{A new characterization of half-flat solutions to Einstein's equation}",
url = "http://projecteuclid.org/euclid.cmp/1104161088",
volume = {115},
year = {1988},
}

@ARTICLE{ootsuka_1998,
   author = {{Ootsuka}, Takayoshi and {Miyagi}, Sayuri and {Yasui}, Yukinori and {Zeze}, Shoji},
    title = "{\href{https://arxiv.org/abs/gr-qc/9809083v1}{Anti-self-dual Maxwell solutions on hyperk{\"a}hler manifold and N=2 supersymmetric Ashtekar gravity}}",
  journal = {Class. Quant. Grav.},
   eprint = {gr-qc/9809083},
     year = 1999,
   volume = 16,
    pages = {1305--1312},
      doi = {10.1088/0264-9381/16/4/019},
   adsurl = {http://adsabs.harvard.edu/abs/1999CQGra..16.1305O},
  adsnote = {Provided by the SAO/NASA Astrophysics Data System}
}

@article{plebanski_1975,
   author = {{Pleba\'nski}, J. F.},
   title = "{Some solutions of complex Einstein equations}",
   journal = {Jour. Math. Phys.},
   year = {1975},
   volume = {16},
   number = {12}, 
   pages = {2395--2402},
   url = "http://scitation.aip.org/content/aip/journal/jmp/16/12/10.1063/1.522505",
   doi = "http://dx.doi.org/10.1063/1.522505" 
}


@article{mason_1989,
author = {{Mason}, L. J. and {Newman}, E. T.},
fjournal = {Communications in Mathematical Physics},
journal = {Comm. Math. Phys.},
number = {4},
pages = {659--668},
publisher = {Springer},
title = "{A Connection between the Einstein and Yang-Mills Equations}",
url = "http://projecteuclid.org/euclid.cmp/1104178252",
volume = {121},
year = {1989}
}

@ARTICLE{hooft_1976,
author         = {{'t Hooft}, G.},
title          = "{Computation of the quantum effects due to a four-dimensional pseudoparticle}",
journal        = {Phys. Rev. D},
volume         = {14},
number         = {12},
year           = {1976},
pages          = {3432--3450},
doi            = "10.1103/PhysRevD.18.2199.3, 10.1103/PhysRevD.14.3432",
}

@article{capovilla_1991,
  author={Capovilla, Riccardo and Dell, John and Jacobson, Ted and Mason, Lionel},
  title="{Self-dual 2-forms and gravity}",
  journal={Class. Quant. Grav.},
  volume={8},
  number={1},
  pages={41--57},
  url={http://stacks.iop.org/0264-9381/8/i=1/a=009},
  year={1991},
}

@article{cahen_1967,
  title="{A Complex Vectorial Formalism in General Relativity}",
  author={{Cahen}, M. {Debever}, R. and {Defrise}, L.},
  year={1967},
journal="{Jour. Math. Mech.}",
volume={16},
number={7},
pages={761--785}
}

@ARTICLE{eguchi_1980,
   author = {Eguchi, Tohru and Gilkey, Peter B. and Hanson, Andrew J.},
    title = "{Gravitation, Gauge Theories and Differential Geometry}",
  journal = {Phys. Rep.},
     year = {1980},
   volume = {66},
number = 6,
    pages = {213--393}
}

@ARTICLE{joyce_1995,
   author = {Joyce, Dominic},
    title = "{Explicit construction of self-dual 4-manifolds}",
  journal = {Duke Math. Jour.},
     year = {1995},
   volume = {77},
    pages = {519--552}
}

@ARTICLE{grant_1997,
   author = {Grant, James D. E.},
    title = "{\href{https://arxiv.org/abs/gr-qc/9702001v1}{Self-Dual Two-Forms and Divergence-Free Vector Fields}}",
     year = 1997,
  journal = {ArXiv Mathematics e-prints},
}

@ARTICLE{tod_1995,
  author={{Tod}, K. P.},
  title="{Scalar-flat K\"ahler and hyper-K\"ahler metrics from Painlev\'e-III}",
  journal="{Class. Quant. Grav.}",
  volume={12},
  number={6},
  pages={1535--1547},
  url={http://stacks.iop.org/0264-9381/12/i=6/a=018},
  year={1995},
}

@article{lebrun_1991,
author = {LeBrun, Claude},
journal = {Jour. Diff. Geom.},
number = {1},
pages = {223--253},
title = "{Explicit self-dual metrics on $\mathbb{CP}_2 \# \cdots\#\mathbb{CP}_2$}",
url = "http://projecteuclid.org/euclid.jdg/1214446999",
volume = {34},
year = {1991}
}
@ARTICLE{bryant_2004,
   author = {{Bryant}, R. L.},
    title = "{\href{https://arxiv.org/abs/math/0407472}{Real Hypersurfaces in Unimodular Complex Surfaces}}",
  journal = {ArXiv Mathematics e-prints},
   eprint = {math/0407472},
 keywords = {Differential Geometry, Complex Variables, 32F40, 58G11},
     year = 2004,
   adsurl = {http://adsabs.harvard.edu/abs/2004math......7472B},
  adsnote = {Provided by the SAO/NASA Astrophysics Data System}
}
@article{capovilla_1993,
author = {{Capovilla}, R. and {Pleba\'nski}, J. F.},
title = "{Some exact solutions of the Einstein field equations in terms of the self‚Äê-dual spin connection}",
journal = "{Jour. Math. Phys.}",
volume = {34},
number = {1},
pages = {130--138},
year = {1993},
doi = {10.1063/1.530395},
}

@article{plebanksi_1975,
author = {{Pleba\'nski}, J. F.},
title = "{Some solutions of complex Einstein equations}",
journal = "{Jour. Math. Phys.}",
volume = {16},
number = {12},
pages = {2395--2402},
year = {1975},
doi = {10.1063/1.522505},
}

@article{capovilla_1989,
  title = "{General Relativity without the Metric}",
  author = {{Capovilla}, R. {Dell}, J., and {Jacobson}, T.},
  journal = {Phys. Rev. Lett.},
  volume = {63},
  pages = {2325--2328},
  year = {1989},
number = {21}
  doi = {10.1103/PhysRevLett.63.2325},
  url = {http://link.aps.org/doi/10.1103/PhysRevLett.63.2325}
}

@BOOK{solitons,
  TITLE = {Solitons, Instantons and Twistors},
  AUTHOR = {{Dunajski}, M.},
  YEAR = {2010},
  series = {Oxford Graduate Texts in Mathematics},
publisher = {OUP},
}

@INCOLLECTION{robinson_1988,
   author = {Robinson, David C.},
    title = "{Half-Flat Solutions of Einstein's Equation and Hyperk\"ahler Structures}",
booktitle = "{New Perspectives on Canonical Gravity}",
publisher = {Bibliopolis},
     year = 1988,
   editor = {Ashtekar, Abhay}
    pages = "187--210",
}

@BOOK{evans_2010,
TITLE = "{Partial Differential Equations}",
AUTHOR =  {Evans, Lawrence C.},
YEAR = {2010},
PUBLISHER = {Graduate Studies in Mathematics},
volume={19},
}

@article{park_1990,
title = "{Extended Conformal Symmetries in Real Heavens}",
journal = "{Phys. Lett. B}",
volume = "236",
number = "4",
pages = "429--423",
year = "1990",
author = {Park, Q-Han}
}

@article{bakas_1995,
   author = {Bakas, Ioannis. and Sfetsos, Konstadinos},
    title = "{T-duality and world-sheet supersymmetry}",
  journal = "{Phys. Lett. B}",
     year = 1995,
   volume = 349,
    pages = {448--457},
}

@BOOK{gasperini_2013,
TITLE = "{Theory of Gravitational Interactions}",
AUTHOR =  {Gasperini, Maurizio},
YEAR = {2013},
PUBLISHER = {Springer},
series = {Undergraduate Lecture Notes in Physics},
}

@article{lee_2011,
author= {{Junghai}, Lee and {Oh}, John J. and {Yang}, Hyun Seok},
title= "{An efficient representation of Euclidean gravity I}",
journal= "{Jour. High Energy Phys.}",
year="2011",
volume="2011",
number="12",
pages="25",
}

@BOOK{huybrechts_2005,
TITLE = "{Complex Geometry: An Introduction}",
AUTHOR =  {Huybrechts, Daniel},
YEAR = {2005},
PUBLISHER = {Springer-Verlag Berlin Heidelberg},
series = {Universitext},
}
