@ARTICLE{hitchin_2015,
   author = {{Hitchin}, N.},
    title = {\href{https://arxiv.org/abs/1501.04989}{Higgs bundles and diffeomorphism groups}},
  journal = {ArXiv e-prints},
archivePrefix = "arXiv",
   eprint = {1501.04989},
 primaryClass = "math.DG",
 keywords = {Mathematics - Differential Geometry, 53C26},
     year = 2015,
    month = jan,
   adsurl = {http://adsabs.harvard.edu/abs/2015arXiv150104989H},
  adsnote = {Provided by the SAO/NASA Astrophysics Data System}
}

@ARTICLE{biquard_2015,
   author = {{Biquard}, O.},
    title = {\href{https://arxiv.org/abs/1503.04128}{M{\'e}triques hyperk{\"a}hleriennes pli{\'e}es}},
  journal = {ArXiv e-prints},
archivePrefix = "arXiv",
   eprint = {1503.04128},
 primaryClass = "math.DG",
 keywords = {Mathematics - Differential Geometry},
     year = 2015,
    month = mar,
   adsurl = {http://adsabs.harvard.edu/abs/2015arXiv150304128B},
  adsnote = {Provided by the SAO/NASA Astrophysics Data System}
}

@ARTICLE{dasilva_2000,
   author = {{Cannas da Silva}, A., {Guillemin}, V. and {Woodward}, C.},
    title = {{On the Unfolding of Folded Symplectic Structures}},
  journal = {Math. Res. Lett.},
     year = 2000,
   volume = 7,
    pages = {35},
}

@ARTICLE{baykur_2006,
   author = {{Baykur}, R.},
    title = {\href{https://arxiv.org/abs/math/0601396}{Kahler Decomposition of 4-Manifolds}},
  journal = {ArXiv e-prints},
   eprint = {math/0601396},
 keywords = {Mathematics - Geometric Topology, Mathematics - Symplectic Geometry, 57M50, 57R17, 57N13},
     year = 2006,
    month = jan,
   adsurl = {http://adsabs.harvard.edu/abs/2006math......1396B},
  adsnote = {Provided by the SAO/NASA Astrophysics Data System}
}

@article{gibbons_2013,
      author         = "Gibbons, G. W. and Warner, N. P.",
      title          = {\href{https://arxiv.org/abs/1305.0957}{Global Structure of Five-Dimensional Fuzzballs}},
      journal = {Class. Quant. Grav.},
archivePrefix = "arXiv",
   eprint = {1305.0957},
 primaryClass = "hep-th",
     year = 2014,
    month = jan,
   volume = 31,
    number="2",
      doi = {10.1088/0264-9381/31/2/025016},
   adsurl = {http://adsabs.harvard.edu/abs/2014CQGra..31b5016G},
  adsnote = {Provided by the SAO/NASA Astrophysics Data System}
}

@ARTICLE{ashtekar_1987,
   author = {{Ashtekar}, A.},
    title = "{New Hamiltonian Formulation of General Relativity}",
  journal = {Phys. Rev. D},
     year = {1987},
   number = {6},
   volume = {36}
    month = {sept},
    pages = {1587},
}

@INCOLLECTION{donaldson,
   author = {{Donaldson}, S. K.},
    title = "{Complex Cobordism, Ashtekar's Equations and Diffeomorphisms}",
booktitle = "{Symplectic Topology}",
publisher = {London Math. Soc.},
     year = 1992,
   editor = {{Salamon}, D.}
    pages = "45",
}

@ARTICLE{Hitchin_1987,
author = {Hitchin, N. J.}, 
title = "{The Self-Duality Equations on a Riemann Surface}",
volume = {55}, 
number = {1}, 
pages = {59}, 
year = {1987}, 
doi = {10.1112/plms/s3-55.1.59}, 
URL = {http://plms.oxfordjournals.org/content/s3-55/1/59.short}, 
eprint = {http://plms.oxfordjournals.org/content/s3-55/1/59.full.pdf+html}, 
journal = {Proc. London Math. Soc.} 
}


@ARTICLE{ashtekar_1988,
author = "Ashtekar, Abhay and Jacobson, Ted and Smolin, Lee",
fjournal = "Communications in Mathematical Physics",
journal = "Comm. Math. Phys.",
number = "4",
pages = "631",
publisher = "Springer",
title = "{A New Characterization of Half-Flat Solutions to Einstein's Equation}",
url = "http://projecteuclid.org/euclid.cmp/1104161088",
volume = "115",
year = "1988"
}

@ARTICLE{hashimoto_1997,
   author = {{Hashimoto}, Y. and {Yasui}, Y. and {Miyagi}, S. and {Ootsuka}, T.
	},
    title = "{\href{https://arxiv.org/abs/hep-th/9610069}{Applications of the Ashtekar Gravity to Four Dimensional Hyperk{\"a}hler Geometry and Yang-Mills Instantons}}",
  journal = {Journ. Math. Phys.},
   eprint = {hep-th/9610069},
     year = 1997,
   volume = 38,
    pages = {5833},
      doi = {10.1063/1.532169},
   adsurl = {http://adsabs.harvard.edu/abs/1997JMP....38.5833H},
  adsnote = {Provided by the SAO/NASA Astrophysics Data System}
}

@ARTICLE{ootsuka_1998,
   author = {{Ootsuka}, T. and {Miyagi}, S. and {Yasui}, Y. and {Zeze}, S.
	},
    title = "{\href{https://arxiv.org/abs/gr-qc/9809083v1}{Anti-Self-Dual Maxwell Solutions on Hyper-K{\"a}hler Manifold and N=2 Supersymmetric Ashtekar gravity}}",
  journal = {Class. Quant. Grav.},
   eprint = {gr-qc/9809083},
     year = 1999,
    month = apr,
   volume = 16,
    pages = {1305},
      doi = {10.1088/0264-9381/16/4/019},
   adsurl = {http://adsabs.harvard.edu/abs/1999CQGra..16.1305O},
  adsnote = {Provided by the SAO/NASA Astrophysics Data System}
}

@article{plebanski_1975,
   author = "Pleba√±ski, J. F.",
   title = "Some Solutions of Complex Einstein Equations",
   journal = "Journal of Mathematical Physics",
   year = "1975",
   volume = "16",
   number = "12", 
   eid = ,
   pages = "2395",
   url = "http://scitation.aip.org/content/aip/journal/jmp/16/12/10.1063/1.522505",
   doi = "http://dx.doi.org/10.1063/1.522505" 
}


@article{mason_1989,
author = "Mason, L. J. and Newman, E. T.",
fjournal = "Communications in Mathematical Physics",
journal = "Comm. Math. Phys.",
number = "4",
pages = "659",
publisher = "Springer",
title = "{A Connection between the Einstein and Yang-Mills Equations}",
url = "http://projecteuclid.org/euclid.cmp/1104178252",
volume = "121",
year = "1989"
}

@ARTICLE{thooft_1976,
author         = "'t Hooft, Gerard",
title          = "{Computation of the Quantum Effects due to a Four-Dimensional Pseudoparticle}",
journal        = "Phys. Rev. D",
volume         = "14",
number         = "12",
year           = "1976",
pages          = "3432",
doi            = "10.1103/PhysRevD.18.2199.3, 10.1103/PhysRevD.14.3432",
}

@article{gibbons_1978,
title = "{Gravitational Multi-Instantons}",
journal = "Phys. Lett. B",
volume = "78",
number = "4",
pages = "430",
year = "1978",
issn = "0370-2693",
doi = "http://dx.doi.org/10.1016/0370-2693(78)90478-1",
url = "http://www.sciencedirect.com/science/article/pii/0370269378904781",
author = "G.W. Gibbons and S.W. Hawking",
}


@article{capovilla_1991,
  author={{Capovilla}, R. and {Dell}, J. and {Jacobson}, T., and {Mason}, L.},
  title="{Self-Dual 2-forms and Gravity}",
  journal={Class. Quant. Grav.},
  volume={8},
  number={1},
  pages={41},
  url={http://stacks.iop.org/0264-9381/8/i=1/a=009},
  year={1991},
  abstract={A Palatini-type formulation of gravity coupled to matter and supergravity is given, in which the gravitational variables are a trio of self-dual 2-forms and an SL(2,C) connection. The action is polynomial in all the fields. This framework is shown to be the natural covariantization of Ashtekar's canonical formalism (1988), and is used to find the general vacuum solution of the four initial value constraints associated with spacetime diffeomorphisms in that formalism.}
}

@article{jacobson_1988,
  author={{Jacobson}, T., and {Smolin}, L.},
  title="{Covariant Action for Ashtekar's Form of Canonical Gravity}",
  journal={Class. Quant. Grav.},
  volume={5},
  number={4},
  pages={583},
  url={http://stacks.iop.org/0264-9381/5/i=4/a=006},
  year={1988},
}
