@article{Weitsman1991,
	title={Quantization via real polarization of the moduli space of flat connections and Chern-Simons gauge theory in genus one},
	author={Weitsman, Jonathan},
	journal={Communications in mathematical physics},
	volume={137},
	number={1},
	pages={175--190},
	year={1991},
	publisher={Springer}
}

@article{Weitsman1992,
	title={Real polarization of the moduli space of flat connections on a Riemann surface},
	author={Weitsman, Jonathan},
	journal={Communications in mathematical physics},
	volume={145},
	number={3},
	pages={425--433},
	year={1992},
	publisher={Springer}
}

@article{JeffreyWeitsman1992,
	title={Bohr-Sommerfeld orbits in the moduli space of flat connections and the Verlinde dimension formula},
	author={Jeffrey, Lisa C and Weitsman, Jonathan},
	journal={Communications in mathematical physics},
	volume={150},
	number={3},
	pages={593--630},
	year={1992},
	publisher={Springer}
}

@article{JeffreyWeitsman1993,
	title={Half density quantization of the moduli space of flat connections and Witten's semiclassical manifold invariants},
	author={Jeffrey, Lisa C and Weitsman, Jonathan},
	journal={Topology},
	volume={32},
	number={3},
	pages={509--529},
	year={1993},
	publisher={Elsevier}
}