% Encoding: UTF-8

@InCollection{Guillemin1999,
  author   = {Guillemin, V. and Zara, C.},
  title    = {Equivariant de {R}ham theory and graphs},
  year     = {1999},
  note     = {Sir Michael Atiyah: a great mathematician of the twentieth century},
  number   = {1},
  pages    = {49--76},
  volume   = {3},
  doi      = {10.4310/AJM.1999.v3.n1.a3},
  issn     = {1093-6106},
  journal  = {Asian Journal of Mathematics},
  keywords = {58J20 (53D20 55N91)},
  mrnumber = {1701922},
}

@Article{CanasdaSilva1996,
  author   = {Canas da Silva, A. and Guillemin, V.},
  journal  = {Advances in Mathematics},
  title    = {On the {K}ostant multiplicity formula for group actions with non-isolated fixed points},
  year     = {1996},
  issn     = {0001-8708},
  number   = {1},
  pages    = {1--15},
  volume   = {123},
  doi      = {10.1006/aima.1996.0065},
  keywords = {58G10 (22E60 58F05)},
  mrnumber = {1413835},
}

@Article{Pestun2017,
  author   = {Pestun, Vasily},
  journal  = {Journal of Physics. A. Mathematical and Theoretical},
  title    = {Review of localization in geometry},
  year     = {2017},
  issn     = {1751-8113},
  number   = {44},
  pages    = {443002, 31},
  volume   = {50},
  doi      = {10.1088/1751-8121/aa6161},
  keywords = {81Q70},
  mrnumber = {3718872},
}

@Book{Sturmfels2008,
  author    = {Sturmfels, Bernd},
  publisher = {SpringerWienNewYork, Vienna},
  title     = {Algorithms in invariant theory},
  year      = {2008},
  edition   = {Second},
  isbn      = {978-3-211-77416-8},
  series    = {Texts and Monographs in Symbolic Computation},
  keywords  = {13A50 (13P10 20G05)},
  mrnumber  = {2667486},
  pages     = {vi+197},
}

@Article{Meinrenken1996,
  author   = {Meinrenken, Eckhard},
  journal  = {Journal of the American Mathematical Society},
  title    = {On {R}iemann-{R}och formulas for multiplicities},
  year     = {1996},
  issn     = {0894-0347},
  number   = {2},
  pages    = {373--389},
  volume   = {9},
  doi      = {10.1090/S0894-0347-96-00197-X},
  groups   = {Equivariant Localisation},
  keywords = {58F06 (22E45 32L10 58G05)},
  mrnumber = {1325798},
}

@Book{Berline1992,
  author    = {Berline, Nicole and Getzler, Ezra and Vergne, Mich\`ele},
  publisher = {Springer-Verlag, Berlin},
  title     = {Heat kernels and {D}irac operators},
  year      = {1992},
  isbn      = {3-540-53340-0},
  series    = {Grundlehren der Mathematischen Wissenschaften [Fundamental Principles of Mathematical Sciences]},
  volume    = {298},
  doi       = {10.1007/978-3-642-58088-8},
  groups    = {Equivariant Localisation},
  keywords  = {58G10 (58G11)},
  mrnumber  = {1215720},
  pages     = {viii+369},
}

@Article{Berline1985,
  author   = {Berline, Nicole and Vergne, Mich\`ele},
  journal  = {American Journal of Mathematics},
  title    = {The equivariant index and {K}irillov's character formula},
  year     = {1985},
  issn     = {0002-9327},
  number   = {5},
  pages    = {1159--1190},
  volume   = {107},
  doi      = {10.2307/2374350},
  groups   = {Equivariant Localisation},
  keywords = {58G10 (22E45)},
  mrnumber = {805808},
}

@InProceedings{Vergne1984,
  author    = {Vergne, Mich\`ele},
  booktitle = {Proceedings of the {I}nternational {C}ongress of {M}athematicians, {V}ol. 1, 2 ({W}arsaw, 1983)},
  title     = {Formule de {K}irillov et indice de l'op\'{e}rateur de {D}irac},
  year      = {1984},
  pages     = {921--934},
  publisher = {PWN, Warsaw},
  keywords  = {22E45},
  mrnumber  = {804746},
}

@Book{Duistermaat2011,
  author    = {Duistermaat, J. J.},
  publisher = {Birkh\"{a}user/Springer, New York},
  title     = {The heat kernel {L}efschetz fixed point formula for the spin-{$c$} {D}irac operator},
  year      = {2011},
  isbn      = {978-0-8176-8246-0},
  note      = {Reprint of the 1996 edition},
  series    = {Modern Birkh\"{a}user Classics},
  doi       = {10.1007/978-0-8176-8247-7},
  keywords  = {58J20 (53D50 58J35 58J60)},
  mrnumber  = {2809491},
  pages     = {xii+247},
}

@Article{Meinrenken1998,
  author   = {Meinrenken, Eckhard},
  journal  = {Advances in Mathematics},
  title    = {Symplectic surgery and the {${\rm Spin}^c$}-{D}irac operator},
  year     = {1998},
  issn     = {0001-8708},
  number   = {2},
  pages    = {240--277},
  volume   = {134},
  doi      = {10.1006/aima.1997.1701},
  keywords = {58G10 (58F06)},
  mrnumber = {1617809},
}

@Book{McDuff2017,
  author    = {McDuff, Dusa and Salamon, Dietmar},
  publisher = {Oxford University Press, Oxford},
  title     = {Introduction to symplectic topology},
  year      = {2017},
  edition   = {Third},
  isbn      = {978-0-19-879490-5; 978-0-19-879489-9},
  series    = {Oxford Graduate Texts in Mathematics},
  doi       = {10.1093/oso/9780198794899.001.0001},
  keywords  = {53D35 (53D40 57R17 57R57 57R58)},
  mrnumber  = {3674984},
  pages     = {xi+623},
}

@Book{Audin2004,
  author    = {Audin, Mich\`ele},
  publisher = {Birkh\"{a}user Verlag, Basel},
  title     = {Torus actions on symplectic manifolds},
  year      = {2004},
  edition   = {revised},
  isbn      = {3-7643-2176-8},
  series    = {Progress in Mathematics},
  volume    = {93},
  doi       = {10.1007/978-3-0348-7960-6},
  keywords  = {53D20 (14M25 57S25)},
  mrnumber  = {2091310},
  pages     = {viii+325},
}

@InCollection{Audin1997,
  author    = {Audin, Mich\`ele},
  booktitle = {Gauge theory and symplectic geometry ({M}ontreal, {PQ}, 1995)},
  publisher = {Kluwer Acad. Publ., Dordrecht},
  title     = {Lectures on gauge theory and integrable systems},
  year      = {1997},
  pages     = {1--48},
  series    = {NATO Adv. Sci. Inst. Ser. C Math. Phys. Sci.},
  volume    = {488},
  keywords  = {58D29 (58D27 58F05 58F06)},
  mrnumber  = {1461568},
}

@Comment{jabref-meta: databaseType:bibtex;}

@Comment{jabref-meta: grouping:
0 AllEntriesGroup:;
1 StaticGroup:Equivariant Localisation\;0\;1\;0x8a8a8aff\;\;\;;
}
